23700000         212345678000100123456              0123450000000123456 EMP TESTE VALIDADOR UNIVERSAL BANCO BRADESCO S.A.                     2050720210950240000010890000000000000BRAD                                                         
23700011C3001045 212345678000100123456              0123450000000123456 EMP TESTE VALIDADOR UNIVERSAL                                         RUA XV DE NOVEMBRO  500       00000               CAMPINAS            13070147SP01                
2370001300001A0000002370012340000012345678 FULANO DA SILVA               P062135191756819000205072021BRL000000000000000000000000100000P062135191756819000200000000000000000100000                                        00          000        
2370001300002B   100012345678900RUA XV DE NOVEMBRO            00500FD             CENTRO         SAO PAULO           13056467SP05072021000000000116925000000000000000000000000000000000000000000000000000000000000               0              
2370001300015A0000002370012340000012345678 FULANO DA SILVA               P062112795824809000205072021BRL000000000000000000000000100000P062112795824809000200000000000000000100000                                        00          001        
2370001300016B   100012345678900RUA XV DE NOVEMBRO            00500FD             CENTRO         SAO PAULO           13020060SP05072021000000000091983000000000000000000000000000000000000000000000000000000000000               0              
2370001300017A0000002370012340000012345678 FULANO DA SILVA               P062144740283840000205072021BRL000000000000000000000000100000P062144740283840000200000000000000000100000                                        00          002        
2370001300018B   100012345678900RUA XV DE NOVEMBRO            00500FD             CENTRO         SAO PAULO           13173030SP05072021000000000088817000000000000000000000000000000000000000000000000000000000000               0              
2370001300019A0000002370012340000012345678 FULANO DA SILVA               P062137365054859000205072021BRL000000000000000000000000100000P062137365054859000200000000000000000100000                                        00          003        
2370001300020B   100012345678900RUA XV DE NOVEMBRO            00500FD             CENTRO         SAO PAULO           13184675SP05072021000000000190083000000000000000000000000000000000000000000000000000000000000               0              
2370001300021A0000002370012340000012345678 FULANO DA SILVA               P062100282504605000205072021BRL000000000000000000000000100000P062100282504605000200000000000000000100000                                        00          0AA        
2370001300022B   100012345678900RUA XV DE NOVEMBRO            00500FD             CENTRO         SAO PAULO           13056413SP05072021000000000070351000000000000000000000000000000000000000000000000000000000000               0              
2370001300023A0000002370012340000012345678 FULANO DA SILVA               P062142479925897000205072021BRL000000000000000000000000100000P062142479925897000200000000000000000100000                                        00          0AB        
2370001300024B   1000412345678900RUA XV DE NOVEMBRO           00500FD             CENTRO         SAO PAULO           13056517SP05072021000000000118504000000000000000000000000000000000000000000000000000000000000               0              
2370001300025A0000002370012340000012345678 FULANO DA SILVA               P062129961979842000205072021BRL000000000000000000000000100000P062129961979842000200000000000000000100000                                        00          0AC        
2370001300026B   100012345678900RUA XV DE NOVEMBRO            00500FD             CENTRO         SAO PAULO           13060492SP05072021000000000156044000000000000000000000000000000000000000000000000000000000000               0              
2370001300027A0000002370012340000012345678 FULANO DA SILVA               P062147744242858000205072021BRL000000000000000000000000100000P062147744242858000200000000000000000100000                                        00          0AD        
2370001300028B   100012345678900RUA XV DE NOVEMBRO            00500FD             CENTRO         SAO PAULO           13178381SP05072021000000000212068000000000000000000000000000000000000000000000000000000000000               0              
2370001300029A0000002370012340000012345678 FULANO DA SILVA               P062147688711860000205072021BRL000000000000000000000000100000P062147688711860000200000000000000000100000                                        00          0AE        
2370001300030B   100012345678900RUA XV DE NOVEMBRO            00500FD             CENTRO         SAO PAULO           13171823SP05072021000000000057236000000000000000000000000000000000000000000000000000000000000               0              
2370001300031A0000002370012340000012345678 FULANO DA SILVA               P062139281816881000205072021BRL000000000000000000000000100000P062139281816881000200000000000000000100000                                        00          0AF        
2370001300032B   100012345678900RUA XV DE NOVEMBRO            00500FD             CENTRO         SAO PAULO           13058522SP05072021000000000069686000000000000000000000000000000000000000000000000000000000000               0              
2370001300037A0000002370012340000012345678 FULANO DA SILVA               P062144733152825000205072021BRL000000000000000000000000100000P062144733152825000200000000000000000100000                                        00          0AG        
2370001300038B   100012345678900RUA XV DE NOVEMBRO            00500FD             CENTRO         SAO PAULO           13180021SP05072021000000000093983000000000000000000000000000000000000000000000000000000000000               0              
2370001300033A0000002370012340000012345678 FULANO DA SILVA               P062127768508831000205072021BRL000000000000000000000000100000P062127768508831000200000000000000000100000                                        00          0AH        
2370001300034B   100012345678900RUA XV DE NOVEMBRO            00500FD             CENTRO         SAO PAULO           13184675SP05072021000000000200785000000000000000000000000000000000000000000000000000000000000               0              
2370001300035A0000002370012340000012345678 FULANO DA SILVA               P062136725052851000205072021BRL000000000000000000000000100000P062136725052851000200000000000000000100000                                        00          0AI        
2370001300036B   100012345678900RUA XV DE NOVEMBRO            00500FD             CENTRO         SAO PAULO           13058550SP05072021000000000118661000000000000000000000000000000000000000000000000000000000000               0              
2370001300003A0000002370012340000012345678 FULANO DA SILVA               P062139820167892000205072021BRL000000000000000000000000100000P062139820167892000200000000000000000100000                                        00          0AJ        
2370001300004B   100012345678900RUA XV DE NOVEMBRO            00500FD             CENTRO         SAO PAULO           13050725SP05072021000000000069686000000000000000000000000000000000000000000000000000000000000               0              
2370001300005A0000002370012340000012345678 FULANO DA SILVA               P062129507247874000205072021BRL000000000000000000000000100000P062129507247874000200000000000000000100000                                        00          0AK        
2370001300006B   100012345678900RUA XV DE NOVEMBRO            00500FD             CENTRO         SAO PAULO           13049256SP05072021000000000097900000000000000000000000000000000000000000000000000000000000000               0              
2370001300007A0000002370012340000012345678 FULANO DA SILVA               P062128911007862000205072021BRL000000000000000000000000100000P062128911007862000200000000000000000100000                                        00          0AL        
2370001300008B   100012345678900RUA XV DE NOVEMBRO            00500FD             CENTRO         SAO PAULO           13034670SP05072021000000000207176000000000000000000000000000000000000000000000000000000000000               0              
2370001300009A0000002370012340000012345678 FULANO DA SILVA               P062121932555803000205072021BRL000000000000000000000000100000P062121932555803000200000000000000000100000                                        00          0AM        
2370001300010B   100012345678900RUA XV DE NOVEMBRO            00500FD             CENTRO         SAO PAULO           13052510SP05072021000000000222871000000000000000000000000000000000000000000000000000000000000               0              
2370001300011A0000002370012340000012345678 FULANO DA SILVA               P062136291034808000205072021BRL000000000000000000000000100000P062136291034808000200000000000000000100000                                        00          0AN        
2370001300012B   100012345678900RUA XV DE NOVEMBRO            00500FD             CENTRO         SAO PAULO           13175658SP05072021000000000087831000000000000000000000000000000000000000000000000000000000000               0              
2370001300013A0000002370012340000012345678 FULANO DA SILVA               P062142130673864000205072021BRL000000000000000000000000100000P062142130673864000200000000000000000100000                                        00          0AO        
2370001300014B   100012345678900RUA XV DE NOVEMBRO            00500FD             CENTRO         SAO PAULO           13042530SP05072021000000000118033000000000000000000000000000000000000000000000000000000000000               0              
2370001300013A0000002370012340000012345678 FULANO DA SILVA               P062142130673864000205072021BRL000000000000000000000000100000P062142130673864000200000000000000000100000                                        00          0AP        
2370001300014B   100012345678900RUA XV DE NOVEMBRO            00500FD             CENTRO         SAO PAULO           13042530SP05072021000000000118033000000000000000000000000000000000000000000000000000000000000               0              
2370001300013A0000002370012340000012345678 FULANO DA SILVA               P062142130673864000205072021BRL000000000000000000000000100000P062142130673864000200000000000000000100000                                        00          0AQ        
2370001300014B   100012345678900RUA XV DE NOVEMBRO            00500FD             CENTRO         SAO PAULO           13042530SP05072021000000000118033000000000000000000000000000000000000000000000000000000000000               0              
2370001300013A0000002370012340000012345678 FULANO DA SILVA               P062142130673864000205072021BRL000000000000000000000000100000P062142130673864000200000000000000000100000                                        00          0AR        
2370001300014B   100012345678900RUA XV DE NOVEMBRO            00500FD             CENTRO         SAO PAULO           13042530SP05072021000000000118033000000000000000000000000000000000000000000000000000000000000               0              
2370001300013A0000002370012340000012345678 FULANO DA SILVA               P062142130673864000205072021BRL000000000000000000000000100000P062142130673864000200000000000000000100000                                        00          0AT        
2370001300014B   100012345678900RUA XV DE NOVEMBRO            00500FD             CENTRO         SAO PAULO           13042530SP05072021000000000118033000000000000000000000000000000000000000000000000000000000000               0              
2370001300013A0000002370012340000012345678 FULANO DA SILVA               P062142130673864000205072021BRL000000000000000000000000100000P062142130673864000200000000000000000100000                                        00          0AU        
2370001300014B   100012345678900RUA XV DE NOVEMBRO            00500FD             CENTRO         SAO PAULO           13042530SP05072021000000000118033000000000000000000000000000000000000000000000000000000000000               0              
2370001300013A0000002370012340000012345678 FULANO DA SILVA               P062142130673864000205072021BRL000000000000000000000000100000P062142130673864000200000000000000000100000                                        00          0AV        
2370001300014B   100012345678900RUA XV DE NOVEMBRO            00500FD             CENTRO         SAO PAULO           13042530SP05072021000000000118033000000000000000000000000000000000000000000000000000000000000               0              
2370001300013A0000002370012340000012345678 FULANO DA SILVA               P062142130673864000205072021BRL000000000000000000000000100000P062142130673864000200000000000000000100000                                        00          0AW        
2370001300014B   100012345678900RUA XV DE NOVEMBRO            00500FD             CENTRO         SAO PAULO           13042530SP05072021000000000118033000000000000000000000000000000000000000000000000000000000000               0              
2370001300013A0000002370012340000012345678 FULANO DA SILVA               P062142130673864000205072021BRL000000000000000000000000100000P062142130673864000200000000000000000100000                                        00          0AX        
2370001300014B   100012345678900RUA XV DE NOVEMBRO            00500FD             CENTRO         SAO PAULO           13042530SP05072021000000000118033000000000000000000000000000000000000000000000000000000000000               0              
2370001300013A0000002370012340000012345678 FULANO DA SILVA               P062142130673864000205072021BRL000000000000000000000000100000P062142130673864000200000000000000000100000                                        00          0AY        
2370001300014B   100012345678900RUA XV DE NOVEMBRO            00500FD             CENTRO         SAO PAULO           13042530SP05072021000000000118033000000000000000000000000000000000000000000000000000000000000               0              
2370001300013A0000002370012340000012345678 FULANO DA SILVA               P062142130673864000205072021BRL000000000000000000000000100000P062142130673864000200000000000000000100000                                        00          0AZ        
2370001300014B   100012345678900RUA XV DE NOVEMBRO            00500FD             CENTRO         SAO PAULO           13042530SP05072021000000000118033000000000000000000000000000000000000000000000000000000000000               0              
2370001300013A0000002370012340000012345678 FULANO DA SILVA               P062142130673864000205072021BRL000000000000000000000000100000P062142130673864000200000000000000000100000                                        00          0BA        
2370001300014B   100012345678900RUA XV DE NOVEMBRO            00500FD             CENTRO         SAO PAULO           13042530SP05072021000000000118033000000000000000000000000000000000000000000000000000000000000               0              
2370001300013A0000002370012340000012345678 FULANO DA SILVA               P062142130673864000205072021BRL000000000000000000000000100000P062142130673864000200000000000000000100000                                        00          0BB        
2370001300014B   100012345678900RUA XV DE NOVEMBRO            00500FD             CENTRO         SAO PAULO           13042530SP05072021000000000118033000000000000000000000000000000000000000000000000000000000000               0              
2370001300013A0000002370012340000012345678 FULANO DA SILVA               P062142130673864000205072021BRL000000000000000000000000100000P062142130673864000200000000000000000100000                                        00          0BC        
2370001300014B   100012345678900RUA XV DE NOVEMBRO            00500FD             CENTRO         SAO PAULO           13042530SP05072021000000000118033000000000000000000000000000000000000000000000000000000000000               0              
2370001300013A0000002370012340000012345678 FULANO DA SILVA               P062142130673864000205072021BRL000000000000000000000000100000P062142130673864000200000000000000000100000                                        00          0BD        
2370001300014B   100012345678900RUA XV DE NOVEMBRO            00500FD             CENTRO         SAO PAULO           13042530SP05072021000000000118033000000000000000000000000000000000000000000000000000000000000               0              
2370001300013A0000002370012340000012345678 FULANO DA SILVA               P062142130673864000205072021BRL000000000000000000000000100000P062142130673864000200000000000000000100000                                        00          0BE        
2370001300014B   100012345678900RUA XV DE NOVEMBRO            00500FD             CENTRO         SAO PAULO           13042530SP05072021000000000118033000000000000000000000000000000000000000000000000000000000000               0              
2370001300013A0000002370012340000012345678 FULANO DA SILVA               P062142130673864000205072021BRL000000000000000000000000100000P062142130673864000200000000000000000100000                                        00          0BF        
2370001300014B   100012345678900RUA XV DE NOVEMBRO            00500FD             CENTRO         SAO PAULO           13042530SP05072021000000000118033000000000000000000000000000000000000000000000000000000000000               0              
2370001300013A0000002370012340000012345678 FULANO DA SILVA               P062142130673864000205072021BRL000000000000000000000000100000P062142130673864000200000000000000000100000                                        00          0BG        
2370001300014B   100012345678900RUA XV DE NOVEMBRO            00500FD             CENTRO         SAO PAULO           13042530SP05072021000000000118033000000000000000000000000000000000000000000000000000000000000               0              
2370001300013A0000002370012340000012345678 FULANO DA SILVA               P062142130673864000205072021BRL000000000000000000000000100000P062142130673864000200000000000000000100000                                        00          0BH        
2370001300014B   100012345678900RUA XV DE NOVEMBRO            00500FD             CENTRO         SAO PAULO           13042530SP05072021000000000118033000000000000000000000000000000000000000000000000000000000000               0              
2370001300013A0000002370012340000012345678 FULANO DA SILVA               P062142130673864000205072021BRL000000000000000000000000100000P062142130673864000200000000000000000100000                                        00          0BJ        
2370001300014B   100012345678900RUA XV DE NOVEMBRO            00500FD             CENTRO         SAO PAULO           13042530SP05072021000000000118033000000000000000000000000000000000000000000000000000000000000               0              
2370001300013A0000002370012340000012345678 FULANO DA SILVA               P062142130673864000205072021BRL000000000000000000000000100000P062142130673864000200000000000000000100000                                        00          0BK        
2370001300014B   100012345678900RUA XV DE NOVEMBRO            00500FD             CENTRO         SAO PAULO           13042530SP05072021000000000118033000000000000000000000000000000000000000000000000000000000000               0              
2370001300013A0000002370012340000012345678 FULANO DA SILVA               P062142130673864000205072021BRL000000000000000000000000100000P062142130673864000200000000000000000100000                                        00          0BL        
2370001300014B   100012345678900RUA XV DE NOVEMBRO            00500FD             CENTRO         SAO PAULO           13042530SP05072021000000000118033000000000000000000000000000000000000000000000000000000000000               0              
2370001300013A0000002370012340000012345678 FULANO DA SILVA               P062142130673864000205072021BRL000000000000000000000000100000P062142130673864000200000000000000000100000                                        00          0BM        
2370001300014B   100012345678900RUA XV DE NOVEMBRO            00500FD             CENTRO         SAO PAULO           13042530SP05072021000000000118033000000000000000000000000000000000000000000000000000000000000               0              
2370001300013A0000002370012340000012345678 FULANO DA SILVA               P062142130673864000205072021BRL000000000000000000000000100000P062142130673864000200000000000000000100000                                        00          0BN        
2370001300014B   100012345678900RUA XV DE NOVEMBRO            00500FD             CENTRO         SAO PAULO           13042530SP05072021000000000118033000000000000000000000000000000000000000000000000000000000000               0              
2370001300013A0000002370012340000012345678 FULANO DA SILVA               P062142130673864000205072021BRL000000000000000000000000100000P062142130673864000200000000000000000100000                                        00          0BO        
2370001300014B   100012345678900RUA XV DE NOVEMBRO            00500FD             CENTRO         SAO PAULO           13042530SP05072021000000000118033000000000000000000000000000000000000000000000000000000000000               0              
2370001300013A0000002370012340000012345678 FULANO DA SILVA               P062142130673864000205072021BRL000000000000000000000000100000P062142130673864000200000000000000000100000                                        00          0BP        
2370001300014B   100012345678900RUA XV DE NOVEMBRO            00500FD             CENTRO         SAO PAULO           13042530SP05072021000000000118033000000000000000000000000000000000000000000000000000000000000               0              
2370001300013A0000002370012340000012345678 FULANO DA SILVA               P062142130673864000205072021BRL000000000000000000000000100000P062142130673864000200000000000000000100000                                        00          0BQ        
2370001300014B   100012345678900RUA XV DE NOVEMBRO            00500FD             CENTRO         SAO PAULO           13042530SP05072021000000000118033000000000000000000000000000000000000000000000000000000000000               0              
2370001300013A0000002370012340000012345678 FULANO DA SILVA               P062142130673864000205072021BRL000000000000000000000000100000P062142130673864000200000000000000000100000                                        00          0CA        
2370001300014B   100012345678900RUA XV DE NOVEMBRO            00500FD             CENTRO         SAO PAULO           13042530SP05072021000000000118033000000000000000000000000000000000000000000000000000000000000               0              
2370001300013A0000002370012340000012345678 FULANO DA SILVA               P062142130673864000205072021BRL000000000000000000000000100000P062142130673864000200000000000000000100000                                        00          0CB        
2370001300014B   100012345678900RUA XV DE NOVEMBRO            00500FD             CENTRO         SAO PAULO           13042530SP05072021000000000118033000000000000000000000000000000000000000000000000000000000000               0              
2370001300013A0000002370012340000012345678 FULANO DA SILVA               P062142130673864000205072021BRL000000000000000000000000100000P062142130673864000200000000000000000100000                                        00          0CC        
2370001300014B   100012345678900RUA XV DE NOVEMBRO            00500FD             CENTRO         SAO PAULO           13042530SP05072021000000000118033000000000000000000000000000000000000000000000000000000000000               0              
2370001300013A0000002370012340000012345678 FULANO DA SILVA               P062142130673864000205072021BRL000000000000000000000000100000P062142130673864000200000000000000000100000                                        00          0CD        
2370001300014B   100012345678900RUA XV DE NOVEMBRO            00500FD             CENTRO         SAO PAULO           13042530SP05072021000000000118033000000000000000000000000000000000000000000000000000000000000               0              
2370001300013A0000002370012340000012345678 FULANO DA SILVA               P062142130673864000205072021BRL000000000000000000000000100000P062142130673864000200000000000000000100000                                        00          0CE        
2370001300014B   100012345678900RUA XV DE NOVEMBRO            00500FD             CENTRO         SAO PAULO           13042530SP05072021000000000118033000000000000000000000000000000000000000000000000000000000000               0              
2370001300013A0000002370012340000012345678 FULANO DA SILVA               P062142130673864000205072021BRL000000000000000000000000100000P062142130673864000200000000000000000100000                                        00          0CF        
2370001300014B   100012345678900RUA XV DE NOVEMBRO            00500FD             CENTRO         SAO PAULO           13042530SP05072021000000000118033000000000000000000000000000000000000000000000000000000000000               0              
2370001300013A0000002370012340000012345678 FULANO DA SILVA               P062142130673864000205072021BRL000000000000000000000000100000P062142130673864000200000000000000000100000                                        00          0CG        
2370001300014B   100012345678900RUA XV DE NOVEMBRO            00500FD             CENTRO         SAO PAULO           13042530SP05072021000000000118033000000000000000000000000000000000000000000000000000000000000               0              
2370001300013A0000002370012340000012345678 FULANO DA SILVA               P062142130673864000205072021BRL000000000000000000000000100000P062142130673864000200000000000000000100000                                        00          0CH        
2370001300014B   100012345678900RUA XV DE NOVEMBRO            00500FD             CENTRO         SAO PAULO           13042530SP05072021000000000118033000000000000000000000000000000000000000000000000000000000000               0              
2370001300013A0000002370012340000012345678 FULANO DA SILVA               P062142130673864000205072021BRL000000000000000000000000100000P062142130673864000200000000000000000100000                                        00          0CI        
2370001300014B   100012345678900RUA XV DE NOVEMBRO            00500FD             CENTRO         SAO PAULO           13042530SP05072021000000000118033000000000000000000000000000000000000000000000000000000000000               0              
2370001300013A0000002370012340000012345678 FULANO DA SILVA               P062142130673864000205072021BRL000000000000000000000000100000P062142130673864000200000000000000000100000                                        00          0CJ        
2370001300014B   100012345678900RUA XV DE NOVEMBRO            00500FD             CENTRO         SAO PAULO           13042530SP05072021000000000118033000000000000000000000000000000000000000000000000000000000000               0              
2370001300013A0000002370012340000012345678 FULANO DA SILVA               P062142130673864000205072021BRL000000000000000000000000100000P062142130673864000200000000000000000100000                                        00          0CK        
2370001300014B   100012345678900RUA XV DE NOVEMBRO            00500FD             CENTRO         SAO PAULO           13042530SP05072021000000000118033000000000000000000000000000000000000000000000000000000000000               0              
2370001300013A0000002370012340000012345678 FULANO DA SILVA               P062142130673864000205072021BRL000000000000000000000000100000P062142130673864000200000000000000000100000                                        00          0CL        
2370001300014B   100012345678900RUA XV DE NOVEMBRO            00500FD             CENTRO         SAO PAULO           13042530SP05072021000000000118033000000000000000000000000000000000000000000000000000000000000               0              
2370001300013A0000002370012340000012345678 FULANO DA SILVA               P062142130673864000205072021BRL000000000000000000000000100000P062142130673864000200000000000000000100000                                        00          0CM        
2370001300014B   100012345678900RUA XV DE NOVEMBRO            00500FD             CENTRO         SAO PAULO           13042530SP05072021000000000118033000000000000000000000000000000000000000000000000000000000000               0              
2370001300013A0000002370012340000012345678 FULANO DA SILVA               P062142130673864000205072021BRL000000000000000000000000100000P062142130673864000200000000000000000100000                                        00          0CN        
2370001300014B   100012345678900RUA XV DE NOVEMBRO            00500FD             CENTRO         SAO PAULO           13042530SP05072021000000000118033000000000000000000000000000000000000000000000000000000000000               0              
2370001300013A0000002370012340000012345678 FULANO DA SILVA               P062142130673864000205072021BRL000000000000000000000000100000P062142130673864000200000000000000000100000                                        00          0CO        
2370001300014B   100012345678900RUA XV DE NOVEMBRO            00500FD             CENTRO         SAO PAULO           13042530SP05072021000000000118033000000000000000000000000000000000000000000000000000000000000               0              
2370001300013A0000002370012340000012345678 FULANO DA SILVA               P062142130673864000205072021BRL000000000000000000000000100000P062142130673864000200000000000000000100000                                        00          0CP        
2370001300014B   100012345678900RUA XV DE NOVEMBRO            00500FD             CENTRO         SAO PAULO           13042530SP05072021000000000118033000000000000000000000000000000000000000000000000000000000000               0              
2370001300013A0000002370012340000012345678 FULANO DA SILVA               P062142130673864000205072021BRL000000000000000000000000100000P062142130673864000200000000000000000100000                                        00          0HA        
2370001300014B   100012345678900RUA XV DE NOVEMBRO            00500FD             CENTRO         SAO PAULO           13042530SP05072021000000000118033000000000000000000000000000000000000000000000000000000000000               0              
2370001300013A0000002370012340000012345678 FULANO DA SILVA               P062142130673864000205072021BRL000000000000000000000000100000P062142130673864000200000000000000000100000                                        00          0HB        
2370001300014B   100012345678900RUA XV DE NOVEMBRO            00500FD             CENTRO         SAO PAULO           13042530SP05072021000000000118033000000000000000000000000000000000000000000000000000000000000               0              
2370001300013A0000002370012340000012345678 FULANO DA SILVA               P062142130673864000205072021BRL000000000000000000000000100000P062142130673864000200000000000000000100000                                        00          0HC        
2370001300014B   100012345678900RUA XV DE NOVEMBRO            00500FD             CENTRO         SAO PAULO           13042530SP05072021000000000118033000000000000000000000000000000000000000000000000000000000000               0              
2370001300013A0000002370012340000012345678 FULANO DA SILVA               P062142130673864000205072021BRL000000000000000000000000100000P062142130673864000200000000000000000100000                                        00          0HD        
2370001300014B   100012345678900RUA XV DE NOVEMBRO            00500FD             CENTRO         SAO PAULO           13042530SP05072021000000000118033000000000000000000000000000000000000000000000000000000000000               0              
2370001300013A0000002370012340000012345678 FULANO DA SILVA               P062142130673864000205072021BRL000000000000000000000000100000P062142130673864000200000000000000000100000                                        00          0HE        
2370001300014B   100012345678900RUA XV DE NOVEMBRO            00500FD             CENTRO         SAO PAULO           13042530SP05072021000000000118033000000000000000000000000000000000000000000000000000000000000               0              
2370001300013A0000002370012340000012345678 FULANO DA SILVA               P062142130673864000205072021BRL000000000000000000000000100000P062142130673864000200000000000000000100000                                        00          0HF        
2370001300014B   100012345678900RUA XV DE NOVEMBRO            00500FD             CENTRO         SAO PAULO           13042530SP05072021000000000118033000000000000000000000000000000000000000000000000000000000000               0              
2370001300013A0000002370012340000012345678 FULANO DA SILVA               P062142130673864000205072021BRL000000000000000000000000100000P062142130673864000200000000000000000100000                                        00          0HG        
2370001300014B   100012345678900RUA XV DE NOVEMBRO            00500FD             CENTRO         SAO PAULO           13042530SP05072021000000000118033000000000000000000000000000000000000000000000000000000000000               0              
2370001300013A0000002370012340000012345678 FULANO DA SILVA               P062142130673864000205072021BRL000000000000000000000000100000P062142130673864000200000000000000000100000                                        00          0HI        
2370001300014B   100012345678900RUA XV DE NOVEMBRO            00500FD             CENTRO         SAO PAULO           13042530SP05072021000000000118033000000000000000000000000000000000000000000000000000000000000               0              
2370001300013A0000002370012340000012345678 FULANO DA SILVA               P062142130673864000205072021BRL000000000000000000000000100000P062142130673864000200000000000000000100000                                        00          0HJ        
2370001300014B   100012345678900RUA XV DE NOVEMBRO            00500FD             CENTRO         SAO PAULO           13042530SP05072021000000000118033000000000000000000000000000000000000000000000000000000000000               0              
2370001300013A0000002370012340000012345678 FULANO DA SILVA               P062142130673864000205072021BRL000000000000000000000000100000P062142130673864000200000000000000000100000                                        00          0HK        
2370001300014B   100012345678900RUA XV DE NOVEMBRO            00500FD             CENTRO         SAO PAULO           13042530SP05072021000000000118033000000000000000000000000000000000000000000000000000000000000               0              
2370001300013A0000002370012340000012345678 FULANO DA SILVA               P062142130673864000205072021BRL000000000000000000000000100000P062142130673864000200000000000000000100000                                        00          0HL        
2370001300014B   100012345678900RUA XV DE NOVEMBRO            00500FD             CENTRO         SAO PAULO           13042530SP05072021000000000118033000000000000000000000000000000000000000000000000000000000000               0              
2370001300013A0000002370012340000012345678 FULANO DA SILVA               P062142130673864000205072021BRL000000000000000000000000100000P062142130673864000200000000000000000100000                                        00          0HM        
2370001300014B   100012345678900RUA XV DE NOVEMBRO            00500FD             CENTRO         SAO PAULO           13042530SP05072021000000000118033000000000000000000000000000000000000000000000000000000000000               0              
2370001300013A0000002370012340000012345678 FULANO DA SILVA               P062142130673864000205072021BRL000000000000000000000000100000P062142130673864000200000000000000000100000                                        00          0HN        
2370001300014B   100012345678900RUA XV DE NOVEMBRO            00500FD             CENTRO         SAO PAULO           13042530SP05072021000000000118033000000000000000000000000000000000000000000000000000000000000               0              
2370001300013A0000002370012340000012345678 FULANO DA SILVA               P062142130673864000205072021BRL000000000000000000000000100000P062142130673864000200000000000000000100000                                        00          0HO        
2370001300014B   100012345678900RUA XV DE NOVEMBRO            00500FD             CENTRO         SAO PAULO           13042530SP05072021000000000118033000000000000000000000000000000000000000000000000000000000000               0              
2370001300013A0000002370012340000012345678 FULANO DA SILVA               P062142130673864000205072021BRL000000000000000000000000100000P062142130673864000200000000000000000100000                                        00          0HP        
2370001300014B   100012345678900RUA XV DE NOVEMBRO            00500FD             CENTRO         SAO PAULO           13042530SP05072021000000000118033000000000000000000000000000000000000000000000000000000000000               0              
2370001300013A0000002370012340000012345678 FULANO DA SILVA               P062142130673864000205072021BRL000000000000000000000000100000P062142130673864000200000000000000000100000                                        00          0HQ        
2370001300014B   100012345678900RUA XV DE NOVEMBRO            00500FD             CENTRO         SAO PAULO           13042530SP05072021000000000118033000000000000000000000000000000000000000000000000000000000000               0              
2370001300013A0000002370012340000012345678 FULANO DA SILVA               P062142130673864000205072021BRL000000000000000000000000100000P062142130673864000200000000000000000100000                                        00          0HR        
2370001300014B   100012345678900RUA XV DE NOVEMBRO            00500FD             CENTRO         SAO PAULO           13042530SP05072021000000000118033000000000000000000000000000000000000000000000000000000000000               0              
2370001300013A0000002370012340000012345678 FULANO DA SILVA               P062142130673864000205072021BRL000000000000000000000000100000P062142130673864000200000000000000000100000                                        00          0HS        
2370001300014B   100012345678900RUA XV DE NOVEMBRO            00500FD             CENTRO         SAO PAULO           13042530SP05072021000000000118033000000000000000000000000000000000000000000000000000000000000               0              
2370001300013A0000002370012340000012345678 FULANO DA SILVA               P062142130673864000205072021BRL000000000000000000000000100000P062142130673864000200000000000000000100000                                        00          0HT        
2370001300014B   100012345678900RUA XV DE NOVEMBRO            00500FD             CENTRO         SAO PAULO           13042530SP05072021000000000118033000000000000000000000000000000000000000000000000000000000000               0              
2370001300013A0000002370012340000012345678 FULANO DA SILVA               P062142130673864000205072021BRL000000000000000000000000100000P062142130673864000200000000000000000100000                                        00          0HU        
2370001300014B   100012345678900RUA XV DE NOVEMBRO            00500FD             CENTRO         SAO PAULO           13042530SP05072021000000000118033000000000000000000000000000000000000000000000000000000000000               0              
2370001300013A0000002370012340000012345678 FULANO DA SILVA               P062142130673864000205072021BRL000000000000000000000000100000P062142130673864000200000000000000000100000                                        00          0HV        
2370001300014B   100012345678900RUA XV DE NOVEMBRO            00500FD             CENTRO         SAO PAULO           13042530SP05072021000000000118033000000000000000000000000000000000000000000000000000000000000               0              
2370001300013A0000002370012340000012345678 FULANO DA SILVA               P062142130673864000205072021BRL000000000000000000000000100000P062142130673864000200000000000000000100000                                        00          0HW        
2370001300014B   100012345678900RUA XV DE NOVEMBRO            00500FD             CENTRO         SAO PAULO           13042530SP05072021000000000118033000000000000000000000000000000000000000000000000000000000000               0              
2370001300013A0000002370012340000012345678 FULANO DA SILVA               P062142130673864000205072021BRL000000000000000000000000100000P062142130673864000200000000000000000100000                                        00          0HX        
2370001300014B   100012345678900RUA XV DE NOVEMBRO            00500FD             CENTRO         SAO PAULO           13042530SP05072021000000000118033000000000000000000000000000000000000000000000000000000000000               0              
2370001300013A0000002370012340000012345678 FULANO DA SILVA               P062142130673864000205072021BRL000000000000000000000000100000P062142130673864000200000000000000000100000                                        00          0HY        
2370001300014B   100012345678900RUA XV DE NOVEMBRO            00500FD             CENTRO         SAO PAULO           13042530SP05072021000000000118033000000000000000000000000000000000000000000000000000000000000               0              
2370001300013A0000002370012340000012345678 FULANO DA SILVA               P062142130673864000205072021BRL000000000000000000000000100000P062142130673864000200000000000000000100000                                        00          0HZ        
2370001300014B   100012345678900RUA XV DE NOVEMBRO            00500FD             CENTRO         SAO PAULO           13042530SP05072021000000000118033000000000000000000000000000000000000000000000000000000000000               0              
2370001300013A0000002370012340000012345678 FULANO DA SILVA               P062142130673864000205072021BRL000000000000000000000000100000P062142130673864000200000000000000000100000                                        00          0H1        
2370001300014B   100012345678900RUA XV DE NOVEMBRO            00500FD             CENTRO         SAO PAULO           13042530SP05072021000000000118033000000000000000000000000000000000000000000000000000000000000               0              
2370001300013A0000002370012340000012345678 FULANO DA SILVA               P062142130673864000205072021BRL000000000000000000000000100000P062142130673864000200000000000000000100000                                        00          0H3        
2370001300014B   100012345678900RUA XV DE NOVEMBRO            00500FD             CENTRO         SAO PAULO           13042530SP05072021000000000118033000000000000000000000000000000000000000000000000000000000000               0              
2370001300013A0000002370012340000012345678 FULANO DA SILVA               P062142130673864000205072021BRL000000000000000000000000100000P062142130673864000200000000000000000100000                                        00          0H4        
2370001300014B   100012345678900RUA XV DE NOVEMBRO            00500FD             CENTRO         SAO PAULO           13042530SP05072021000000000118033000000000000000000000000000000000000000000000000000000000000               0              
2370001300013A0000002370012340000012345678 FULANO DA SILVA               P062142130673864000205072021BRL000000000000000000000000100000P062142130673864000200000000000000000100000                                        00          0H5        
2370001300014B   100012345678900RUA XV DE NOVEMBRO            00500FD             CENTRO         SAO PAULO           13042530SP05072021000000000118033000000000000000000000000000000000000000000000000000000000000               0              
2370001300013A0000002370012340000012345678 FULANO DA SILVA               P062142130673864000205072021BRL000000000000000000000000100000P062142130673864000200000000000000000100000                                        00          0H6        
2370001300014B   100012345678900RUA XV DE NOVEMBRO            00500FD             CENTRO         SAO PAULO           13042530SP05072021000000000118033000000000000000000000000000000000000000000000000000000000000               0              
2370001300013A0000002370012340000012345678 FULANO DA SILVA               P062142130673864000205072021BRL000000000000000000000000100000P062142130673864000200000000000000000100000                                        00          0H7        
2370001300014B   100012345678900RUA XV DE NOVEMBRO            00500FD             CENTRO         SAO PAULO           13042530SP05072021000000000118033000000000000000000000000000000000000000000000000000000000000               0              
2370001300013A0000002370012340000012345678 FULANO DA SILVA               P062142130673864000205072021BRL000000000000000000000000100000P062142130673864000200000000000000000100000                                        00          0H8        
2370001300014B   100012345678900RUA XV DE NOVEMBRO            00500FD             CENTRO         SAO PAULO           13042530SP05072021000000000118033000000000000000000000000000000000000000000000000000000000000               0              
2370001300013A0000002370012340000012345678 FULANO DA SILVA               P062142130673864000205072021BRL000000000000000000000000100000P062142130673864000200000000000000000100000                                        00          0H9        
2370001300014B   100012345678900RUA XV DE NOVEMBRO            00500FD             CENTRO         SAO PAULO           13042530SP05072021000000000118033000000000000000000000000000000000000000000000000000000000000               0              
2370001300013A0000002370012340000012345678 FULANO DA SILVA               P062142130673864000205072021BRL000000000000000000000000100000P062142130673864000200000000000000000100000                                        00          0IA        
2370001300014B   100012345678900RUA XV DE NOVEMBRO            00500FD             CENTRO         SAO PAULO           13042530SP05072021000000000118033000000000000000000000000000000000000000000000000000000000000               0              
2370001300013A0000002370012340000012345678 FULANO DA SILVA               P062142130673864000205072021BRL000000000000000000000000100000P062142130673864000200000000000000000100000                                        00          0TA        
2370001300014B   100012345678900RUA XV DE NOVEMBRO            00500FD             CENTRO         SAO PAULO           13042530SP05072021000000000118033000000000000000000000000000000000000000000000000000000000000               0              
2370001300013A0000002370012340000012345678 FULANO DA SILVA               P062142130673864000205072021BRL000000000000000000000000100000P062142130673864000200000000000000000100000                                        00          0YA        
2370001300014B   100012345678900RUA XV DE NOVEMBRO            00500FD             CENTRO         SAO PAULO           13042530SP05072021000000000118033000000000000000000000000000000000000000000000000000000000000               0              
2370001300013A0000002370012340000012345678 FULANO DA SILVA               P062142130673864000205072021BRL000000000000000000000000100000P062142130673864000200000000000000000100000                                        00          0YB        
2370001300014B   100012345678900RUA XV DE NOVEMBRO            00500FD             CENTRO         SAO PAULO           13042530SP05072021000000000118033000000000000000000000000000000000000000000000000000000000000               0              
2370001300013A0000002370012340000012345678 FULANO DA SILVA               P062142130673864000205072021BRL000000000000000000000000100000P062142130673864000200000000000000000100000                                        00          0YC        
2370001300014B   100012345678900RUA XV DE NOVEMBRO            00500FD             CENTRO         SAO PAULO           13042530SP05072021000000000118033000000000000000000000000000000000000000000000000000000000000               0              
2370001300013A0000002370012340000012345678 FULANO DA SILVA               P062142130673864000205072021BRL000000000000000000000000100000P062142130673864000200000000000000000100000                                        00          0YD        
2370001300014B   100012345678900RUA XV DE NOVEMBRO            00500FD             CENTRO         SAO PAULO           13042530SP05072021000000000118033000000000000000000000000000000000000000000000000000000000000               0              
2370001300013A0000002370012340000012345678 FULANO DA SILVA               P062142130673864000205072021BRL000000000000000000000000100000P062142130673864000200000000000000000100000                                        00          0YE        
2370001300014B   100012345678900RUA XV DE NOVEMBRO            00500FD             CENTRO         SAO PAULO           13042530SP05072021000000000118033000000000000000000000000000000000000000000000000000000000000               0              
2370001300013A0000002370012340000012345678 FULANO DA SILVA               P062142130673864000205072021BRL000000000000000000000000100000P062142130673864000200000000000000000100000                                        00          0YF        
2370001300014B   100012345678900RUA XV DE NOVEMBRO            00500FD             CENTRO         SAO PAULO           13042530SP05072021000000000118033000000000000000000000000000000000000000000000000000000000000               0              
2370001300013A0000002370012340000012345678 FULANO DA SILVA               P062142130673864000205072021BRL000000000000000000000000100000P062142130673864000200000000000000000100000                                        00          0ZA        
2370001300014B   100012345678900RUA XV DE NOVEMBRO            00500FD             CENTRO         SAO PAULO           13042530SP05072021000000000118033000000000000000000000000000000000000000000000000000000000000               0              
2370001300013A0000002370012340000012345678 FULANO DA SILVA               P062142130673864000205072021BRL000000000000000000000000100000P062142130673864000200000000000000000100000                                        00          0ZB        
2370001300014B   100012345678900RUA XV DE NOVEMBRO            00500FD             CENTRO         SAO PAULO           13042530SP05072021000000000118033000000000000000000000000000000000000000000000000000000000000               0              
2370001300013A0000002370012340000012345678 FULANO DA SILVA               P062142130673864000205072021BRL000000000000000000000000100000P062142130673864000200000000000000000100000                                        00          0ZC        
2370001300014B   100012345678900RUA XV DE NOVEMBRO            00500FD             CENTRO         SAO PAULO           13042530SP05072021000000000118033000000000000000000000000000000000000000000000000000000000000               0              
2370001300013A0000002370012340000012345678 FULANO DA SILVA               P062142130673864000205072021BRL000000000000000000000000100000P062142130673864000200000000000000000100000                                        00          0ZD        
2370001300014B   100012345678900RUA XV DE NOVEMBRO            00500FD             CENTRO         SAO PAULO           13042530SP05072021000000000118033000000000000000000000000000000000000000000000000000000000000               0              
2370001300013A0000002370012340000012345678 FULANO DA SILVA               P062142130673864000205072021BRL000000000000000000000000100000P062142130673864000200000000000000000100000                                        00          0ZE        
2370001300014B   100012345678900RUA XV DE NOVEMBRO            00500FD             CENTRO         SAO PAULO           13042530SP05072021000000000118033000000000000000000000000000000000000000000000000000000000000               0              
2370001300013A0000002370012340000012345678 FULANO DA SILVA               P062142130673864000205072021BRL000000000000000000000000100000P062142130673864000200000000000000000100000                                        00          0ZF        
2370001300014B   100012345678900RUA XV DE NOVEMBRO            00500FD             CENTRO         SAO PAULO           13042530SP05072021000000000118033000000000000000000000000000000000000000000000000000000000000               0              
2370001300013A0000002370012340000012345678 FULANO DA SILVA               P062142130673864000205072021BRL000000000000000000000000100000P062142130673864000200000000000000000100000                                        00          0ZG        
2370001300014B   100012345678900RUA XV DE NOVEMBRO            00500FD             CENTRO         SAO PAULO           13042530SP05072021000000000118033000000000000000000000000000000000000000000000000000000000000               0              
2370001300013A0000002370012340000012345678 FULANO DA SILVA               P062142130673864000205072021BRL000000000000000000000000100000P062142130673864000200000000000000000100000                                        00          0ZH        
2370001300014B   100012345678900RUA XV DE NOVEMBRO            00500FD             CENTRO         SAO PAULO           13042530SP05072021000000000118033000000000000000000000000000000000000000000000000000000000000               0              
2370001300013A0000002370012340000012345678 FULANO DA SILVA               P062142130673864000205072021BRL000000000000000000000000100000P062142130673864000200000000000000000100000                                        00          0ZI        
2370001300014B   100012345678900RUA XV DE NOVEMBRO            00500FD             CENTRO         SAO PAULO           13042530SP05072021000000000118033000000000000000000000000000000000000000000000000000000000000               0              
2370001300013A0000002370012340000012345678 FULANO DA SILVA               P062142130673864000205072021BRL000000000000000000000000100000P062142130673864000200000000000000000100000                                        00          0ZJ        
2370001300014B   100012345678900RUA XV DE NOVEMBRO            00500FD             CENTRO         SAO PAULO           13042530SP05072021000000000118033000000000000000000000000000000000000000000000000000000000000               0              
2370001300013A0000002370012340000012345678 FULANO DA SILVA               P062142130673864000205072021BRL000000000000000000000000100000P062142130673864000200000000000000000100000                                        00          0ZK        
2370001300014B   100012345678900RUA XV DE NOVEMBRO            00500FD             CENTRO         SAO PAULO           13042530SP05072021000000000118033000000000000000000000000000000000000000000000000000000000000               0              
2370001300013A0000002370012340000012345678 FULANO DA SILVA               P062142130673864000205072021BRL000000000000000000000000100000P062142130673864000200000000000000000100000                                        00          05A        
2370001300014B   100012345678900RUA XV DE NOVEMBRO            00500FD             CENTRO         SAO PAULO           13042530SP05072021000000000118033000000000000000000000000000000000000000000000000000000000000               0              
2370001300013A0000002370012340000012345678 FULANO DA SILVA               P062142130673864000205072021BRL000000000000000000000000100000P062142130673864000200000000000000000100000                                        00          05B        
2370001300014B   100012345678900RUA XV DE NOVEMBRO            00500FD             CENTRO         SAO PAULO           13042530SP05072021000000000118033000000000000000000000000000000000000000000000000000000000000               0              
2370001300013A0000002370012340000012345678 FULANO DA SILVA               P062142130673864000205072021BRL000000000000000000000000100000P062142130673864000200000000000000000100000                                        00          05C        
2370001300014B   100012345678900RUA XV DE NOVEMBRO            00500FD             CENTRO         SAO PAULO           13042530SP05072021000000000118033000000000000000000000000000000000000000000000000000000000000               0              
2370001300013A0000002370012340000012345678 FULANO DA SILVA               P062142130673864000205072021BRL000000000000000000000000100000P062142130673864000200000000000000000100000                                        00          05D        
2370001300014B   100012345678900RUA XV DE NOVEMBRO            00500FD             CENTRO         SAO PAULO           13042530SP05072021000000000118033000000000000000000000000000000000000000000000000000000000000               0              
2370001300013A0000002370012340000012345678 FULANO DA SILVA               P062142130673864000205072021BRL000000000000000000000000100000P062142130673864000200000000000000000100000                                        00          05E        
2370001300014B   100012345678900RUA XV DE NOVEMBRO            00500FD             CENTRO         SAO PAULO           13042530SP05072021000000000118033000000000000000000000000000000000000000000000000000000000000               0              
2370001300013A0000002370012340000012345678 FULANO DA SILVA               P062142130673864000205072021BRL000000000000000000000000100000P062142130673864000200000000000000000100000                                        00          05F        
2370001300014B   100012345678900RUA XV DE NOVEMBRO            00500FD             CENTRO         SAO PAULO           13042530SP05072021000000000118033000000000000000000000000000000000000000000000000000000000000               0              
2370001300013A0000002370012340000012345678 FULANO DA SILVA               P062142130673864000205072021BRL000000000000000000000000100000P062142130673864000200000000000000000100000                                        00          05I        
2370001300014B   100012345678900RUA XV DE NOVEMBRO            00500FD             CENTRO         SAO PAULO           13042530SP05072021000000000118033000000000000000000000000000000000000000000000000000000000000               0              
2370001300013A0000002370012340000012345678 FULANO DA SILVA               P062142130673864000205072021BRL000000000000000000000000100000P062142130673864000200000000000000000100000                                        00          05J        
2370001300014B   100012345678900RUA XV DE NOVEMBRO            00500FD             CENTRO         SAO PAULO           13042530SP05072021000000000118033000000000000000000000000000000000000000000000000000000000000               0              
2370001300013A0000002370012340000012345678 FULANO DA SILVA               P062142130673864000205072021BRL000000000000000000000000100000P062142130673864000200000000000000000100000                                        00          05M        
2370001300014B   100012345678900RUA XV DE NOVEMBRO            00500FD             CENTRO         SAO PAULO           13042530SP05072021000000000118033000000000000000000000000000000000000000000000000000000000000               0              
2370001300013A0000002370012340000012345678 FULANO DA SILVA               P062142130673864000205072021BRL000000000000000000000000100000P062142130673864000200000000000000000100000                                        00          05T        
2370001300014B   100012345678900RUA XV DE NOVEMBRO            00500FD             CENTRO         SAO PAULO           13042530SP05072021000000000118033000000000000000000000000000000000000000000000000000000000000               0              
23700015         000040000000000002388623000000000000000000000000                                                                                                                                                                               
23799999         000001000042                                                                                                                                                                                                                   

