01REMESSA01COBRANCA       00000000000001234567TESTE VALIDADOR GERAL         237BRADESCO       011221        MX0000266                                                                                                                                                                                                                                                                                     000001
1000000000000000000000090123400123456a/4607                   0002020000000004607000000000002N           2  013705/1    15122100000000185000000000001N301121000000000000000310000000000000000000000000000000000000000000000212345678000195PAGADOR                                 RUA                                                 68400000REF NF 003705  TRANSPORTADORA: DAILSON                      000002
1000000000000000000000090123400123456a/4608                   0002020000000004608900000000002N           2  013707/1    15122100000000150000000000001N301121000000000000000250000000000000000000000000000000000000000000000212345678000195PAGADOR                                 ROD.                                                66825010REF NF 003707                                               000003
9                                                                                                                                                                                                                                                                                                                                                                                                         000004
