02RETORNO01COBRANCA       00000000000001234567XXXXXX XXXXXX XXXXXXXX EDUCAC237BRADESCO       2406220160000000564                                                                                                                                                                                                                                                                          270622          000001
1023212608500014500000090001234567892                         000000000000051585780000000000000000000000000902240622000051585700000000000005158578070722000000002970023704151  000000000017700000000000000000000000000000000000000000000000000000000000000000000000000000000000000000000000000000000                          0000000000                                                                  000002
1023212608500014500000090001234567892                         000000000000051585860000000000000000000000000902240622000051585800000000000005158586050722000000005620023704151  000000000017700000000000000000000000000000000000000000000000000000000000000000000000000000000000000000000000000000000                          P100000000                                                                  000003
1023212608500014500000090001234567892                         000000000000051586080000000000000000000000000902240622000051586000000000000005158608070722000000005720023704151  000000000017700000000000000000000000000000000000000000000000000000000000000000000000000000000000000000000000000000000                          0000000000                                                                  000004
1023212608500014500000090009700178632                         000000000000051591240000000000000000000000000906240622000051591200000000000005159124010722000000003100000108530  000000000000000000000000000000000000000000000000000000000000000000000000000000000000003100000000000000000000000000000   270622             00000000000000                                                                  000005
9201237          000000800000000323320000000564          00079000003219650000000031000000010000000310000000000000000000000000000000000000000000000000000000000000000000000000000000000000000                                                                                                                                                                              00000000000000000000000         000006