23700000         212345678000195123456              0123430000012345674 VALIDADOR GERAL               BRADESCO SA                             10112202111110100751408901600                                                                     
23700011C2041045 212345678000195123456              0123430000012345674 VALIDADOR GERAL                                                       ENDERECO                      00000000            CIDADE              80000000UF01                
2370001300001A00001826000001 0000123123123 FAVORECIDO                  ALVES 0500589821L01OUT01122021BRL000000000000000000000000078000                    00000000000000000000000                                          00005CC   0          
2370001300002B   100012345678909ENDERECO                     00000                              CIDADE               00000000UF011220210000000000780000000000000000000000000000000000000000000000000000000000000000000000000000000              
23700015         000004000000000000078000000000000000000000000000                                                                                                                                                                               
23700021C2031040 212345678000195123456              0123430000012345674 VALIDADOR UNIVERSAL                                                   RUA JOAO                         36               SAO PAULLO          04844000SP                  
2370002300001J00034192903600000423331093226631592938354053000IFAVORECIDO                   040720220000000000423330000000000000000000000000000000407202200000000004233300000000000000001246101245500166731                    09                
2370002300002J 01522123123123000100BRADESCO -                              2001234567001670BENEFICIARIO                            0000000000000000                                                                                             
23700025         000004000000000000042333000000000000000000000000                                                                                                                                                                               
23700031C2030040 212345678000195123456              0123430000012345674 VALIDADOR UNIVERSAL                                                   RUA JOAO                         36               SAO PAULLO          04844000SP                  
2370003300001J00023791903600068678342373190022566374703187030FAVORECIDO                    040720220000000068678340000000000000000000000000000000407202200000000686783400000000000000001245501245500168618                    09                
2370003300002J 01522012345678000100BRADESCO -                              2012345678911234BENEFICIARIO                            0000000000000000                                                                                             
23700035         000004000000000006867834000000000000000000000000                                                                                                                                                                               
23700041C2211012 212345678000195123456              0123430000012345674 VALIDADOR UNIVERSAL                                                   RUA         Guarana           00071               Sao Paulo           03335000SP01                
2370004300001O00081820000000049757012112100200405195380029929MUNICIPIO                     081220210812202100000000000049700251949000739                                                                                                        
23700043000025   0000000000000000000000000000067 CONDOMINIO EDIFICIO MARAJO                 000000000000000000                 08122021                                                                                                         
23700045         000004000000000000000497000000000000000000000000                                                                                                                                                                               
23700051C2216012 212345678000195123456              0123430000012345674 VALIDADOR UNIVERSAL                                                                                 00000                                   00000     01                
2370005300001N000S190840000026245                        HOSPITAL AAACCBBB SA          250920220000000001448612172  011234567800019516280220190000000000000000000000000014486100000000000000000000000000000025032019                            
23700053000025   0000000000000000000000000COFINS S/ALUGUEIS ATIVOS                          000000000000000000                 25032019                                                                                                         
23700055         000004000000000000144861000000000000000000000000                                                                                                                                                                               
23799999         000005000022000000                                                                                                                                                                                                             
