01REMESSA01COBRANCA       00000000000001234567EMPRESA UNIVERSAL VALIDACAO   237BRADESCO       080720        MX0100899                                                                                                                                                                                                                                                                                     000001
100000 000000000000 0009012340123456P001/20202- 231015713     0002020000000400722300000000002               014354736   10072000000000412410000000004N080720000000000000000170000000000000000000000000000000000000000000000100012345678909TESTE PESSOA FÍSICA                     RUA        , 380 / 202                              30310230087654321000198  SACADOR AVALISTA CNPJ                      000002
21)  DO CURSO .                                                                  2) APOS 00/00/00, MULTA DE R$;                                                  3) APOS 00/00/00, COBRAR CORRECAO DE R$  POR DIA DE ATRASO;                     NAO RECEBER VALOR INFERIOR AO DO TITULO;                                        00000000000000000000000000000000000000       0090123456789006000004007223000003
3009012345678900600000400722312            2370432140000076543216000000000001245PRIMEIRO BENEFICIARIO                                                        0020000000000000000000000000000000000000                                                                             0000000000000000000000000000000000000000                                                                       000000000000001
7RUA ENDERECO SACADOR AVALISTA, NÚMERO        02001000CIDADE              UF                                                                                                                                                                                                                                                                                                  0090123456789006000004007223000007
100000 000000000000 00090123456789006001/20202- 231015713     0002020000000400722300000000002               014354736   10072000000000412410000000004N080720000000000000000170000000000000000000000000000000000000000000000100012345678909TESTE PESSOA FÍSICA                     RUA        , 380 / 202                              30310230987654321000000  SACADOR AVALISTA CPF                       000009
21)  DO CURSO .                                                                  2) APOS 00/00/00, MULTA DE R$;                                                  3) APOS 00/00/00, COBRAR CORRECAO DE R$  POR DIA DE ATRASO;                     NAO RECEBER VALOR INFERIOR AO DO TITULO;                                        00000000000000000000000000000000000000       0090123456789006000004007223000007
9                                                                                                                                                                                                                                                                                                                                                                                                         000008

