23700000         212345678000123312345              00448 0000000123456 EMPRESA TESTE PIX QUI11MAR08H BANCO BRADESCO S/A                      18022021 10332100000108900000PIX                                                                  
23700011C2045045 212345678000123312345              00448 0000000123456 TESTES TESTE PIX                                                                                    00000                                   00000000  01                
2370001300001A00000923700002 0000000123456PDADOS BANCARIOS MAR           PGPGBBD15ZZ01       13042021BRL000000000000000000000000015002                    00000000000000000000000000000000000000000000000                       XX   0          
2370001300002B05 100069637374876YYYYYYYYYYYYYYPPPPPPPPPPPPPPPPTESTETETETETETTETETETETETETETETETETETETTETETETETETTETE           01                                                                                                 00000000000000
2370001300003A00000910400635 0000000123456PDADOS BANCARIOS MAR           PGPGBBD15ZZ02       13042021BRL000000000000000000000000096000                    00000000000000000000000000000000000000000000000                       PP   0          
2370001300004B05 100094846472272YYYYYYYYYYYYYYPPPPPPPPPPPPPPPPTESTETETETETETTETETETETETETETETETETETETTETETETETETTETE           01                                                                                                 00000000000000
2370001300005A00000900000000 000000000000 PCHAVE ALEATORIA MAR           PGPGBBD15ZZ03       13042021BRL000000000000000000000000196000                    00000000000000000000000                                               CC   0          
2370001300006B04 208888902291969YYYYYYYYYYYYYYPPPPPPPPPPPPPPPPTESTETETETETETTETETETETETETETETETETETETTETETETETETTETE           d07349aa-b1ec-4116-bc8d-2c2b65058ff7                                                               00000000000000
2370001300007A00000900000000 000000000000 PCHAVE CPG  FISICAAR           PGPGBBD15ZZ04       13042021BRL000000000000000000000000185000                    00000000000000000000000                                               MM   0          
2370001300008B03 209999902291969YYYYYYYYYYYYYYPPPPPPPPPPPPPPPPTESTETETETETETTETETETETETETETETETETETETTETETETETETTETE                                                                                                              00000000000000
2370001300009A00000900000000 000000000000 PCHAVE EMAIL UI11MAR           PGPGBBD15ZZ05       13042021BRL000000000000000000000000225000                    00000000000000000000000                                                    0          
2370001300010B02 208888802291969YYYYYYYYYYYYYYPPPPPPPPPPPPPPPPTESTETETETETETTETETETETETETETETETETETETTETETETETETTETE           pixb123@bra.com                                                                                    00000000000000
2370001300011A00000900000000 000000000000 PCHAVE TELEFONE  MAR           PGPGBBD15ZZ06       13042021BRL000000000000000000000000230000                    00000000000000000000000                                                    0          
2370001300012B01 208888902291969YYYYYYYYYYYYYYPPPPPPPPPPPPPPPPTESTETETETETETTETETETETETETETETETETETETTETETETETETTETE           +5511967599955                                                                                     00000000000000
2370001300013A00000900000000 000000000000 PCHAVE TELEFONE  MAR           PGPGBBD15ZZ07       13042021BRL000000000000000000000000230000                    00000000000000000000000                                                    0          
2370001300014B01 209999902291969YYYYYYYYYYYYYYPPPPPPPPPPPPPPPPTESTETETETETETTETETETETETETETETE1ETETETTETETETETETTETE           +5511925444444                                                                                     00000000000000
23700015         0000160000000000011770020000000000000000000                                                                                                                                                                                    
23799999         000001000018000000