23700000         7000000000012341111111111222222222212345612345678901212NOME DA EMPRESA               NOME DO BANCO                           100000000123456123456089000001111111111222222222233333333334444444444                             
23712351C1234045 9123456789012341111111111222222222212345A123456789012AB11111111112222222222          AAAAAAAAAABBBBBBBBBBCCCCCCCCCC          AAAAAAAAAABBBBBBBBBBCCCCCCCCCC12345123456789012345AAAAAAAAAA          12345AAABB01      AAAAABBBBB
2370001312345A12233333355555A123456789012ABAAAAAAAAAABBBBBBBBBBCCCCCCCCCCAAAAAAAAAA          88888888AAA123456789012345123456789012345AAAAAAAAAABBBBBBBBBB88888888123456789012345AAAAAAAAAABBBBBBBBBBCCCCCCCCCCDDDDDDDDDDAABBBBB     1AAAAAAAAAA
2370001355555B   112345678901234AAAAAAAAAABBBBBBBBBBCCCCCCCCCC55555AAAAAAAAAABBBBBAAAAAAAAAABBBBBAAAAAAAAAABBBBBBBBBB55555AAABB88888888123456789012345123456789012345123456789012345123456789012345123456789012345AAAAAAAAAAAAAAA166666688888888
2370001366666C   12345678901234512345678901234512345678901234512345678901234512345678901234512345A123456789012AB123456789012345BBBBBBBBBBBBBBBBBBBBBBBBBBBBBBBBBBBBBBBBBBBBBBBBBBBBBBBBBBBBBBBBBBBBBBBBBBBBBBBBBBBBBBBBBBBBBBBBBBBBBBBBBBBBBBAAA
2370001312345Z                                                                                                                                                                                                                                  
23700015         123456123456789012345688123456789012312345123456                                                                                                                                                                     AAAAAAAAAA
23799999         111111777777888888                                                                                                                                                                                                             
