01REMESSA01COBRANCA       00000000000000000000RAZAO SOCIAL                  238BRADESCO       X30225        MX12345671111111111222222222233333333334444444444555555555566666666667777777777888888888899999999990000000000111111111122222222223333333333444444444455555555556666666666777777777788888888889999999999000000000011111111112222222222333333333344444444445555555555666666666677777777777777777000001
112345112345123456780123304011538    USO DA EMPRESA           2370000012345678901X00000001001J          R1  23DOCUMENTO 04022500000000003000000000001N040225000000000000000000502251111111111111222222222222233333333333330100012345678909Nome do Pagador                         Endereço do Pagador                                 04567000DECOMPOSIÇÃO                                                000002
2XXXXXXXXXXXXXXXXXXXXXXXXXXXXXXXXXXXXXXXXXXXXXXXXXXXXXXXXXXXXXXXXXXXXXXXXXXXXXXXXXXXXXXXXXXXXXXXXXXXXXXXXXXXXXXXXXXXXXXXXXXXXXXXXXXXXXXXXXXXXXXXXXXXXXXXXXXXXXXXXXXXXXXXXXXXXXXXXXXXXXXXXXXXXXXXXXXXXXXXXXXXXXXXXXXXXXXXXXXXXXXXXXXXXXXXXXXXXXXXXXXXXXXXXXXXXXXXXXXXXXXXXXXXXXXXXXXXXXXXXXXXXXXXXXXXXXXXXXXXXXXXXXXXXXXXXXXXXXXXX05022511111111111110502252222222222222       0030304033333334555555555556000003
3AAAAAAAAAAAAAAAABBBBBBBBBBBB21            2370304181111111111112333333333333333NOMEXXXXXXXXXXXXXXXXXXXXXXXXXXXXXXXXXXXXAAAAAAAAAAAAAAAAAAAAAAAAAAAAAAA6666660012371234564444444444445666666666666666NOMEXXXXXXXXXXXXXXXXXXXXXXXXXXXXXXXXXXXXAAAAAAAAAAAAAAAAAAAAAAAAAAAAAAAABCDEF7772371234567777777777778888888888888888NOMEXXXXXXXXXXXXXXXXXXXXXXXXXXXXXXXXXXXXAAAAAAAAAAAAAAAAAAAAAAAAAAAAAAA999999111000004
9                                                                                                                                                                                                                                                                                                                                                                                                         000005
